@article{smoothnessQoE,
    title = {Benchmarking handheld graphical user interface: smoothness quality of experience},
    author = {Ying-Dar, Lin and Edward,T.-H. Chu and Chien-Ling, Wen and Yuan-Cheng,Lai and I-Ching, Chen},
    journal = {Computer and Electrical Engineering},
    volume = {68},
    year = {2018},
    month = {5},
    pages = {76-91},
    url = {http://speed.cis.nctu.edu.tw/~ydlin/QoE.pdf}
}

@article{animation_performance,
    year = {2019},
    title = {Animations in Cross-Platform Mobile Applications: An Evaluation of Tools, Metrics and Performance},
    language = {eng},
    author = {Biørn-Hansen, Andreas and Grønli, Tor-Morten and Ghinea, Gheorghita},
    url = {http://hdl.handle.net/11250/2597987},
}

@inproceedings{launch_time,
  author={Zhang, W. and Wu, D. and Guo, G. and Jiang, A. and Guo, J.},
  booktitle={2018 International Conference on Computer, Information and Telecommunication Systems (CITS)}, 
  title={Research on the user time difference threshold during the mobile terminal app launch process}, 
  year={2018},
  pages={1-5},
}

@article{pwa_ahp,
  title={Progressive Web Application Assessment Using AHP},
  author = {Khan, Asharul Islam and Al-Badi, Ali and Al-Kindi, Mahmood},
  journal={Procedia Computer Science},
  volume={155},
  pages={289--294},
  year={2019},
  publisher={Elsevier},
  url={https://www.sciencedirect.com/science/article/pii/S187705091930955X/pdf?md5=d0b80a86ff24451802edb3535e1638c4&pid=1-s2.0-S187705091930955X-main.pdf}
}

@article{smooth_gui,
  author={Lin, Y. and Chu, E.T. and Chang, E. and Lai, Y.},
  journal={IEEE Transactions on Systems, Man, and Cybernetics: Systems}, 
  title={Smoothed Graphic User Interaction on Smartphones With Motion Prediction}, 
  year={2020},
  volume={50},
  number={4},
  pages={1429-1441},
}

@misc{YbergViktor2018NPaU,
    series = {TRITA-EECS-EX},
    year = {2018},
    title = {Native-like Performance and User Experience with Progressive Web Apps},
    language = {eng},
    author = {Yberg, Viktor},
    keywords = {Progressive Web Apps ; Pwa ; Engineering And Technology ; Other Engineering And Technologies ; Interaction Technologies ; Teknik Och Teknologier ; Annan Teknik ; Interaktionsteknik ; Media Engineering ; Mediateknik ; Master Of Science - Computer Science ; Teknologie Masterexamen - Datalogi ; Datalogi ; Computer Science},
    school = {KTH, Skolan för elektroteknik och datavetenskap (EECS)},
}

@misc{JohannsenFabian2018PWAa,
    year = {2018},
    title = {Progressive Web Applications and Code Complexity: An analysis of the added complexity of making a web application progressive},
    language = {eng},
    author = {Johannsen, Fabian},
    howpublished={Master Thesis},
    keywords = {Progressive Web Applications ; Pwa ; Code Complexity ; Engineering And Technology ; Teknik Och Teknologier ; Information Technology ; Informationsteknologi},
    organization = {Linköpings universitet, Institutionen för datavetenskap, Interaktiva och kognitiva system},
    url={http://liu.diva-portal.org/smash/get/diva2:1230204/FULLTEXT01.pdf}
}

@misc{PWAapplicability,
    year={2019},
    title={Applicability of Progressive Web Apps in Mobile Development},
    howpublished={Master Thesis},
    author={Kerssens, Tjarco},
    organization={University of Amsterdam},
    url={https://staff.fnwi.uva.nl/a.s.z.belloum/MSctheses/MScthesis_Tjarco.pdf}
}

@inproceedings{willocx2016comparing,
  title={Comparing performance parameters of mobile app development strategies},
  author={Willocx, Michiel and Vossaert, Jan and Naessens, Vincent},
  booktitle={Proceedings of the International Conference on Mobile Software Engineering and Systems},
  pages={38--47},
  year={2016}
}

@inproceedings{delia2017approaches,
  title={Approaches to mobile application development: comparative performance analysis},
  author={Del{\'\i}a, Lisandro and Galdamez, Nicol{\'a}s and Corbalan, Leonardo and Pesado, Patricia and Thomas, Pablo},
  booktitle={2017 Computing Conference},
  pages={652--659},
  year={2017},
  organization={IEEE}
}

@inproceedings{gambhir2018analysis,
  title={Analysis of cache in service worker and performance scoring of progressive web application},
  author={Gambhir, Abhi and Raj, Gaurav},
  booktitle={2018 International Conference on Advances in Computing and Communication Engineering (ICACCE)},
  pages={294--299},
  year={2018},
  organization={IEEE}
}

@article{ciman2017empirical,
  title={An empirical analysis of energy consumption of cross-platform frameworks for mobile development},
  author={Ciman, Matteo and Gaggi, Ombretta},
  journal={Pervasive and Mobile Computing},
  volume={39},
  pages={214--230},
  year={2017},
  publisher={Elsevier}
}

@inproceedings{malavolta2016beyond,
  title={Beyond native apps: web technologies to the rescue!(keynote)},
  author={Malavolta, Ivano},
  booktitle={Proceedings of the 1st International Workshop on Mobile Development},
  pages={1--2},
  year={2016}
}

@inproceedings{steiner2018web,
  title={What is in a Web View: An Analysis of Progressive Web App Features When the Means of Web Access is not a Web Browser},
  author={Steiner, Thomas},
  booktitle={Companion Proceedings of the The Web Conference 2018},
  pages={789--796},
  year={2018}
}

@inproceedings{pande2018enhanced,
  title={Enhanced web application and browsing performance through service-worker infusion framework},
  author={Pande, Neha and Somani, Aayushi and Samal, Siba Prasad and Kakkirala, Vasu},
  booktitle={2018 IEEE International Conference on Web Services (ICWS)},
  pages={195--202},
  year={2018},
  organization={IEEE}
}

@inproceedings{SW_and_energy,
    pages = {35--45},
    publisher = {IEEE},
    booktitle = {2017 IEEE/ACM 4th International Conference on Mobile Software Engineering and Systems (MOBILESoft)},
    isbn = {9781538626696},
    year = {2017},
    title = {Assessing the Impact of Service Workers on the Energy Efficiency of Progressive Web Apps},
    language = {eng},
    author = {Malavolta, Ivano and Procaccianti, Giuseppe and Noorland, Paul and Vukmirovic, Petar},
    keywords = {Mobile Communication ; Browsers ; Mobile Handsets ; Servers ; Google ; Performance Evaluation},
    url={http://www.ivanomalavolta.com/files/papers/Mobilesoft_2017.pdf},
}

@inproceedings{PWApossibleUnifer,
    pages = {344-351},
    publisher={Webist},
    booktitle={Proceedings of the 13th International Conference on Web Information Systems and Technologies},
    isbn={9789897582462},
    year={2017},
    title={Progressive Web Apps: The Possible Web-native Unifier for Mobile Development},
    langage={en},
    author={Biørn-Hansen, A. and Majchrzak, T. and Grønli, T-M},
    url={https://www.scitepress.org/papers/2017/63537/63537.pdf},
}

@inproceedings{Biorn-Hansen2,
    issn = {18651348},
    booktitle = {Lecture Notes in Business Information Processing},
    pages = {64--86},
    volume = {322},
    publisher = {Springer Verlag},
    isbn = {9783319935263},
    year = {2018},
    title = {Progressive web apps for the unified development of mobile applications},
    copyright = {Copyright 2018 Elsevier B.V., All rights reserved.},
    author = {Biørn-Hansen, A. and Majchrzak, T.A. and Grønli, T.-M.},
}
%TODO: do I cite it?
@inproceedings{Biorn-Hansen3,
    year = {2018},
    title={Progressive Web Apps: the Definite Approach to Cross-platform development?},
    volume={51},
    booktitle={Hawaii International Conference on System Sciences},
    author={Biørn-Hansen, A. and Majchrzak, T. and Grønli, T-M},
    pages={5735--5744},
    keywords={what are pwas, what do they offer now compared to other cross-platforms, where is the academic study now?},
    url={https://core.ac.uk/download/pdf/143481552.pdf}
}

@inproceedings{Pride_Prejudice,
    year={2018},
    title={Pride and Prejudice in Progressive Web Apps; Abusing Native App-like features in Web Applications},
    booktitle={Proceedings of the 2018 SIGSAC Conference on Computer and Communications Security},
    author={Jiyeon, L. and Hayeon, K. and Junghwan, P. and Insik, S. and Sooel, S.},
    keywords={Security},
    url={https://dl-acm-org.focus.lib.kth.se/doi/pdf/10.1145/3243734.3243867}
    
}

@inproceedings{WillocxM.2015AQAo,
    issn = {23296429},
    pages = {454--461},
    publisher = {Institute of Electrical and Electronics Engineers Inc.},
    booktitle = {Proceedings - 2015 IEEE 3rd International Conference on Mobile Services, MS 2015},
    isbn = {9781467372848},
    year = {2015},
    title = {A Quantitative Assessment of Performance in Mobile App Development Tools},
    copyright = {Copyright 2016 Elsevier B.V., All rights reserved.},
    author = {Willocx, M. and Vossaert, J. and Naessens, V.},
    keywords = {Cross-Platform Tools ; Mobile Applications ; Performance Analysis},
    url={https://ieeexplore-ieee-org.focus.lib.kth.se/document/7226724}
}

@misc{PWAbc_responsetime,
    year={2017},
    title={Comparing Progressive Web Applications with Native Android Applications - an evaluation of performance when it comes to response time },
    author={Rebecca, Fransson and Alexandre, Driaguine},
    organization={Linnaeus University},
    howpublished={Bachelor Thesis},
    keywords={Bachelor Thesis, PWA, response time},
    url={http://www.diva-portal.org/smash/get/diva2:1105475/FULLTEXT01.pdf}
}

@online{PWADatabase,
    title={Hackers News readers as Progressive Web Apps},
    year={2019},
    editor={Addy, Osmani},
    url={https://hnpwa.com/}
}

@online{WebTrafficData,
    title={Desktop vs Mobile vs Tablet Market Share Worldwide },
    editor={Statcounter GlobalStats},
    year={2020},
    url={https://gs.statcounter.com/platform-market-share/desktop-mobile-tablet}
}

@misc{bac_pwa_comparison,
    title={Comparison between Progressive Web App and Regular Web App},
    author={Tahirshah, F.},
    year={2019},
    howpublished={Bachelor Thesis},
    url={http://www.diva-portal.org/smash/get/diva2:1334458/FULLTEXT02.pdf},
    organization={Faculty of Computing, Blekinge Institute of technology}
}

@inproceedings{PWA_UX_comparison_study,
    title={Analyzing User Experience in Mobile Web, Native and Progressive Web Applications: A User and HCI Specialist Perspectives},
    author={Cardieri, G. and Zaina, L.},
    booktitle={17th Brazilian Symposium on HumanFactors in Computing Systems },
    year={2018},
    url={https://dl.acm.org/doi/pdf/10.1145/3274192.3274201}
}

@misc{bac_pwa_performance,
    title={Progressive Web Apps and other mobile developing techniques: a comparison},
    author = {Kvist, J. and Mathisson, P.},
    year={2019},
    howpublished={Bachelor Thesis},
    organization={Malmö University},
    url={http://muep.mau.se/bitstream/handle/2043/29170/Jonathan\%20Kvist\%20Pontus\%20Mathiasson.pdf?sequence=1&isAllowed=y}
}

@misc{emulating_native_w_crossplatform,
    title={Emulating a Native Mobile Experience with Cross-platform Applications},
    year={2018},
    author={Fredrikson, R.},
    howpublished={Master Thesis},
    organization={School of Electrical Engineering and Computer Science, KTH Royal Institute of Technology},
    url={http://www.diva-portal.org/smash/get/diva2:1246007/FULLTEXT01.pdf}
}

@inproceedings{MobileDevChallenges, 
    author={Joorabchi, M.E. and Mesbah, A. and Kruchten, P.},
    booktitle={2013 ACM / IEEE International Symposium on Empirical Software Engineering and Measurement},
    title={Real Challenges in Mobile App Development},
    year={2013},
    pages={15-24}
}

@online{PWA_intro,
    title={Progressive Web Apps},
    author={Chrome Dev Summit},
    editor={Google Chrome Developers},
    howpublished={Youtube},
    url={https://www.youtube.com/watch?v=MyQ8mtR9WxI&list=PLNYkxOF6rcICcHeQY02XLvoGL34rZFWZn&index=10},
    year={2015},
}

@online{PWA_blog,
    title={Progressive Web Apps: Escaping Tabs Without Losing Our Soul},
    author={Russel, A.},
    url={https://infrequently.org/2015/06/progressive-apps-escaping-tabs-without-losing-our-soul},
    year={2015},
}

@online{PWA_def,
    title={Getting Started with Progressive Web Apps},
    year={2015},
    author={Osmani, A.},
    url={https://developers.google.com/web/updates/2015/12/getting-started-pwa},
    editor={Web Fundamentals},
}

@online{SW_def,
    title={Service Worker API},
    year={2020},
    url={https://developer.mozilla.org/en-US/docs/Web/API/Service_Worker_API},
    author={MDN Contributors},
    editor={MDN Web Docs},
}

@online{AppShell_def,
    title={The App Shell Model},
    editor={Web Fundamentals},
    url={https://developers.google.com/web/fundamentals/architecture/app-shell},
    author={Osmani, A.},
    year={2019},
}

@online{Browser_data,
    title={Mobile Browser Market Share Worldwide},
    editor={Statcounter GlobalStats},
    url={https://gs.statcounter.com/browser-market-share/mobile/worldwide},
    year={2020},
}

@online{BackgroundSync_support,
    title={BackgroundSync API Support},
    url={https://caniuse.com/#feat=background-sync},
    editor={Caniuse},
    year={2020},
}

@online{Manifest_support,
    title={Web App Manifest Support},
    url={https://caniuse.com/#feat=web-app-manifest},
    editor={Caniuse},
    year={2020},
}

@inproceedings{CrossPlatform_dev,
    author={Rahul Raj, C.P. and Seshu Babu Tolety},
    booktitle={2012 Annual IEEE India Conference (INDICON)},
    title={A study on approaches to build cross-platform mobile applications and criteria to select appropriate approach},
    year={2012},
    pages={625-629},
}

@article{CrossPlatform_study,
    year = {2019},
    title={An Empirical study of Cross-Platform Mobile Development in Industry},
    journal={Wireless Communication and Mobile Computing},
    author={Biørn-Hansen, A. and Ghinea, G. and Grønli, T-M and Alouneh, S.},
    pages={5735--5744},
    keywords={what are pwas, what do they offer now compared to other cross-platforms, where is the academic study now?}
}

@article{nanoscope,
  title={Profiling Android Applications with Nanoscope},
  author={Liu, L. and Takamine, L. and Welc, A.},
  year={2018},
  journal={Virtual Machines and Language Implementations '18},
}

@online{adb,
    title={Android Debug Bridge},
    url={https://developer.android.com/studio/command-line/adb},
    year={2020},
}

@online{dumpsys,
    title={Dumpsys},
    url={https://developer.android.com/studio/command-line/dumpsys},
    year={2019},
}

@online{systrace,
    title={Systrace},
    url={https://developer.android.com/topic/performance/tracing},
    year={2020},
}

@online{monkeyrunner,
    title={Monkeyrunner},
    url={https://developer.android.com/studio/test/monkeyrunner},
    year={2019}
}

@online{chrome_devtools_perf,
    title={Analyze Runtime Performance},
    url={https://developers.google.com/web/tools/chrome-devtools/rendering-tools},
    year={2019},
} 

@online{lighthouse,
    title={Lighthouse},
    url={https://developers.google.com/web/tools/lighthouse},
    year={2020},
}

@article{emulator_def,
  title={Google Android: An emerging software platform for mobile devices},
  author={Gandhewar, N. and Sheikh, R.},
  journal={International Journal on Computer Science and Engineering},
  volume={1},
  number={1},
  pages={12--17},
  year={2010},
}

@online{android_emulator,
    title={Run Apps on the Android Emulator},
    url={https://developer.android.com/studio/run/emulator/?gclid=Cj0KCQjwzN71BRCOARIsAF8pjfir78KKjjTZbf-hjNYZfSmppE793Ug5O6i6NdN5VsT9OMVfHO5vcqsaAtO3EALw_wcB&gclsrc=aw.ds},
    year={2020},
    editor={Android Studio - User Guide},
}

@online{genymotion_emulator,
    title={Genymotion - Desktop},
    url={https://www.genymotion.com/desktop/},
    year={2020},
}

@online{microsoft_emulator,
    title={Visual Studio Emulator for Android},
    url={https://docs.microsoft.com/fr-fr/visualstudio/cross-platform/visual-studio-emulator-for-android?view=vs-2015},
    year={2020},
}

@online{top,
    url={http://manpages.ubuntu.com/manpages/xenial/man1/top.1.html},
    title={Top},
    editor={Ubuntu manuals},
    year={2019},
}

@online{CDP,
    url={https://chromedevtools.github.io/devtools-protocol/},
    title={Chrome DevTools Protocol},
}

@online{awesome_CDP,
    url={https://github.com/ChromeDevTools/awesome-chrome-devtools},
    year={2020},
    title={Awesome Chrome DevTools},
}

@online{telemetry,
    url={https://github.com/catapult-project/catapult/blob/master/telemetry/README.md},
    year={2020},
    title={Telemetry}
}

@inproceedings{cpu_sampling,
  title={A Randomized Sampling Clock for CPU Utilization Estimation and Code Profiling.},
  author={McCanne, Steven and Torek, Chris},
  booktitle={USENIX Winter},
  pages={387--394},
  year={1993},
  organization={Citeseer}
}

@inproceedings{cpu_emulator,
  title={Testing CPU emulators},
  author={Martignoni, Lorenzo and Paleari, Roberto and Roglia, Giampaolo Fresi and Bruschi, Danilo},
  booktitle={Proceedings of the eighteenth international symposium on Software testing and analysis},
  pages={261--272},
  year={2009}
}

@inproceedings{crossplatform_approaches,
  author={Latif, M. and Lakhrissi and Nfaoui, E. H. and Es-Sbai},
  booktitle={2016 International Conference on Information Technology for Organizations Development (IT4OD)}, 
  title={Cross platform approach for mobile application development: A survey}, 
  year={2016},
  pages={1-5},
}

@online{android_graphics,
    title={Graphics},
    url={https://source.android.com/devices/graphics},
    year={2020},
}

@online{vsync,
    title={VSYNC},
    url={https://source.android.com/devices/graphics/implement-vsync},
    year={2020},
}

@online{refresh_rate,
    title={Frame rate},
    url={https://developer.android.com/guide/topics/media/frame-rate},
    year={2020},
}

@online{app_rendering,
    title={Analyze with Profile GPU Rendering},
    url={https://developer.android.com/topic/performance/rendering/profile-gpu#when-this-segment-is-large_5},
    year={2019},
}

@online{app_smoothness,
    title={Test UI performance},
    url={https://developer.android.com/training/testing/performance},
    year={2020}
}

@online{chrome_rendering,
    title={The Rendering Critical Path},
    url={https://www.chromium.org/developers/the-rendering-critical-path},
    year={2014}
}

@online{chrome_architecture,
    title={Inside look at modern web browser},
    url={https://developers.google.com/web/updates/2018/09/inside-browser-part1},
    year={2018},
    author={Kosaka, M.},
}

@online{chrome_pixel,
    title={Life of a pixel},
    url={https://docs.google.com/presentation/d/1boPxbgNrTU0ddsc144rcXayGA_WF53k96imRH8Mp34Y},
    year={2020},
    author={Kobes, S.},
}


